<record><leader>00000cas a22000007a 4500</leader><controlfield tag="001">12819279</controlfield><controlfield tag="008">851119d18641911ohuwr ne      0   a0eng d</controlfield><datafield ind1=" " ind2=" " tag="010"><subfield code="a">sn 85034406 </subfield></datafield><datafield ind1=" " ind2=" " tag="040"><subfield code="a">NPU</subfield><subfield code="b">eng</subfield><subfield code="c">NPU</subfield><subfield code="d">ONP</subfield><subfield code="d">OCLCQ</subfield><subfield code="d">DLC</subfield><subfield code="d">OCLCF</subfield><subfield code="d">DLC</subfield></datafield><datafield ind1="0" ind2=" " tag="022"><subfield code="a">2379-1411</subfield><subfield code="2">1</subfield></datafield><datafield ind1=" " ind2=" " tag="042"><subfield code="a">msc</subfield><subfield code="a">nsdp</subfield></datafield><datafield ind1=" " ind2=" " tag="043"><subfield code="a">n-us-oh</subfield></datafield><datafield ind1="0" ind2="0" tag="050"><subfield code="a">Newspaper</subfield></datafield><datafield ind1="0" ind2="0" tag="082"><subfield code="a">071</subfield><subfield code="2">23</subfield></datafield><datafield ind1="0" ind2=" " tag="130"><subfield code="a">Cadiz sentinel (1864)</subfield></datafield><datafield ind1=" " ind2="4" tag="222"><subfield code="a">The Cadiz sentinel</subfield><subfield code="b">(1864. Print)</subfield></datafield><datafield ind1="1" ind2="4" tag="245"><subfield code="a">The Cadiz sentinel.</subfield></datafield><datafield ind1=" " ind2=" " tag="260"><subfield code="a">Cadiz, Ohio :</subfield><subfield code="b">Charles N. Allen,</subfield><subfield code="c">-1911.</subfield></datafield><datafield ind1=" " ind2=" " tag="300"><subfield code="a">v. ;</subfield><subfield code="c">67 cm.</subfield></datafield><datafield ind1=" " ind2=" " tag="310"><subfield code="a">Weekly</subfield></datafield><datafield ind1="1" ind2=" " tag="362"><subfield code="a">Began with May 11, 1864 issue.</subfield></datafield><datafield ind1="0" ind2=" " tag="362"><subfield code="a">-v. 47, no. 17 (Nov. 30, 1911).</subfield></datafield><datafield ind1=" " ind2=" " tag="530"><subfield code="a">Archived issues are available in digital format from the Library of Congress Chronicling America online collection.</subfield></datafield><datafield ind1=" " ind2=" " tag="588"><subfield code="a">Description based on: Vol. 3, no. 3 (May 18, 1864).</subfield></datafield><datafield ind1=" " ind2="0" tag="651"><subfield code="a">Cadiz (Ohio)</subfield><subfield code="v">Newspapers.</subfield></datafield><datafield ind1=" " ind2="7" tag="651"><subfield code="a">Ohio</subfield><subfield code="z">Cadiz.</subfield><subfield code="2">fast</subfield><subfield code="0">(OCoLC)fst01232209</subfield></datafield><datafield ind1=" " ind2="7" tag="655"><subfield code="a">Newspapers.</subfield><subfield code="2">fast</subfield><subfield code="0">(OCoLC)fst01423814</subfield></datafield><datafield ind1=" " ind2=" " tag="752"><subfield code="a">United States</subfield><subfield code="b">Ohio</subfield><subfield code="c">Harrison</subfield><subfield code="d">Cadiz.</subfield></datafield><datafield ind1="0" ind2="8" tag="776"><subfield code="i">Online version:</subfield><subfield code="t">Cadiz sentinel (1864)</subfield><subfield code="x">2379-142X</subfield><subfield code="w">(DLC)  2015218764</subfield><subfield code="w">(OCoLC)908857094</subfield></datafield><datafield ind1="0" ind2="0" tag="780"><subfield code="t">Cadiz Democratic sentinel</subfield><subfield code="x">2379-1330</subfield><subfield code="w">(DLC)sn 84028794</subfield><subfield code="w">(OCoLC)11451380</subfield></datafield><datafield ind1="0" ind2="7" tag="785"><subfield code="t">Cadiz Democrat</subfield><subfield code="w">(DLC)sn 88078249</subfield><subfield code="w">(OCoLC)17460356</subfield></datafield><datafield ind1="0" ind2="7" tag="785"><subfield code="t">Cadiz Democrat sentinel (Cadiz, Ohio : 1911)</subfield><subfield code="w">(DLC)sn 85034408</subfield><subfield code="w">(OCoLC)12819379</subfield></datafield><datafield ind1="4" ind2="1" tag="856"><subfield code="u">http://www.loc.gov/chroniclingamerica/lccn/sn85034406/issues</subfield></datafield></record>